<marcxml:record xmlns:marcxml="http://www.loc.gov/MARC21/slim" xmlns:mets="http://www.loc.gov/METS/" xmlns:bf="http://id.loc.gov/ontologies/bibframe/" xmlns:bflc="http://id.loc.gov/ontologies/bflc/" xmlns:madsrdf="http://www.loc.gov/mads/rdf/v1#" xmlns:rdf="http://www.w3.org/1999/02/22-rdf-syntax-ns#" xmlns:ri="http://id.loc.gov/ontologies/RecordInfo#" xmlns:idx="info:lc/xq-modules/lcindex" xmlns:semtriples="http://marklogic.com/semantic" xmlns:xsi="http://www.w3.org/2001/XMLSchema-instance" xmlns:xlink="http://www.w3.org/1999/xlink" xmlns:streams="info:lc/streams#">
  <marcxml:leader>00938nam a2200265 i 4500</marcxml:leader>
  <marcxml:controlfield tag="001">1763335</marcxml:controlfield>
  <marcxml:controlfield tag="005">19790323000000.0</marcxml:controlfield>
  <marcxml:controlfield tag="008">790315s1977    mnua   j      000 0 eng  </marcxml:controlfield>
  <marcxml:datafield tag="035" ind1=" " ind2=" ">
    <marcxml:subfield code="9">(DLC)   76051149</marcxml:subfield>
  </marcxml:datafield>
  <marcxml:datafield tag="906" ind1=" " ind2=" ">
    <marcxml:subfield code="a">7</marcxml:subfield>
    <marcxml:subfield code="b">cbc</marcxml:subfield>
    <marcxml:subfield code="c">orignew</marcxml:subfield>
    <marcxml:subfield code="d">2</marcxml:subfield>
    <marcxml:subfield code="e">ocip</marcxml:subfield>
    <marcxml:subfield code="f">19</marcxml:subfield>
    <marcxml:subfield code="g">y-gencatlg</marcxml:subfield>
  </marcxml:datafield>
  <marcxml:datafield tag="010" ind1=" " ind2=" ">
    <marcxml:subfield code="a">   76051149 </marcxml:subfield>
  </marcxml:datafield>
  <marcxml:datafield tag="020" ind1=" " ind2=" ">
    <marcxml:subfield code="a">0913940704</marcxml:subfield>
    <marcxml:subfield code="b">lib. bdg.</marcxml:subfield>
    <marcxml:subfield code="a">0913940771</marcxml:subfield>
    <marcxml:subfield code="b">pbk.</marcxml:subfield>
  </marcxml:datafield>
  <marcxml:datafield tag="040" ind1=" " ind2=" ">
    <marcxml:subfield code="a">DLC</marcxml:subfield>
    <marcxml:subfield code="c">DLC</marcxml:subfield>
    <marcxml:subfield code="d">DLC</marcxml:subfield>
  </marcxml:datafield>
  <marcxml:datafield tag="042" ind1=" " ind2=" ">
    <marcxml:subfield code="a">lcac</marcxml:subfield>
  </marcxml:datafield>
  <marcxml:datafield tag="050" ind1="0" ind2="0">
    <marcxml:subfield code="a">PN1995.9.H6</marcxml:subfield>
    <marcxml:subfield code="b">T5</marcxml:subfield>
  </marcxml:datafield>
  <marcxml:datafield tag="082" ind1="0" ind2="0">
    <marcxml:subfield code="a">791.43/0909/16</marcxml:subfield>
  </marcxml:datafield>
  <marcxml:datafield tag="100" ind1="1" ind2=" ">
    <marcxml:subfield code="a">Thorne, Ian.</marcxml:subfield>
  </marcxml:datafield>
  <marcxml:datafield tag="245" ind1="1" ind2="0">
    <marcxml:subfield code="a">Mad scientists /</marcxml:subfield>
    <marcxml:subfield code="c">by Ian Thorne.</marcxml:subfield>
  </marcxml:datafield>
  <marcxml:datafield tag="260" ind1=" " ind2=" ">
    <marcxml:subfield code="a">Mankato, Minn. :</marcxml:subfield>
    <marcxml:subfield code="b">Crestwood House,</marcxml:subfield>
    <marcxml:subfield code="c">c1977.</marcxml:subfield>
  </marcxml:datafield>
  <marcxml:datafield tag="300" ind1=" " ind2=" ">
    <marcxml:subfield code="a">47 p. :</marcxml:subfield>
    <marcxml:subfield code="b">ill. ;</marcxml:subfield>
    <marcxml:subfield code="c">24 cm.</marcxml:subfield>
  </marcxml:datafield>
  <marcxml:datafield tag="490" ind1="0" ind2=" ">
    <marcxml:subfield code="a">Monsters series</marcxml:subfield>
  </marcxml:datafield>
  <marcxml:datafield tag="520" ind1=" " ind2=" ">
    <marcxml:subfield code="a">Presents synopses of several well-known horror films whose plots revolve around the experiments of diabolical scientists.</marcxml:subfield>
  </marcxml:datafield>
  <marcxml:datafield tag="650" ind1=" " ind2="0">
    <marcxml:subfield code="a">Horror films</marcxml:subfield>
    <marcxml:subfield code="x">History and criticism</marcxml:subfield>
    <marcxml:subfield code="x">Juvenile literature.</marcxml:subfield>
  </marcxml:datafield>
  <marcxml:datafield tag="650" ind1=" " ind2="1">
    <marcxml:subfield code="a">Horror films</marcxml:subfield>
  </marcxml:datafield>
  <marcxml:datafield tag="991" ind1=" " ind2=" ">
    <marcxml:subfield code="b">c-GenColl</marcxml:subfield>
    <marcxml:subfield code="h">PN1995.9.H6</marcxml:subfield>
    <marcxml:subfield code="i">T5</marcxml:subfield>
    <marcxml:subfield code="p">00017550664</marcxml:subfield>
    <marcxml:subfield code="t">Copy 1</marcxml:subfield>
    <marcxml:subfield code="w">BOOKS</marcxml:subfield>
  </marcxml:datafield>
</marcxml:record>
